@article{lafferty2001crf,
  title={Conditional random fields: Probabilistic models for segmenting and labeling sequence data},
  author={Lafferty, John and McCallum, Andrew and Pereira, Fernando CN},
  year={2001}
}

@article{petrov2011universal,
  title={A universal part-of-speech tagset},
  author={Petrov, Slav and Das, Dipanjan and McDonald, Ryan},
  journal={arXiv preprint arXiv:1104.2086},
  year={2011}
}

@article{doi:10.1080/02664760802684177,
author = { Gianluca   Baio  and  Marta   Blangiardo },
title = {Bayesian hierarchical model for the prediction of football results},
journal = {Journal of Applied Statistics},
volume = {37},
number = {2},
pages = {253-264},
year  = {2010},
publisher = {Taylor & Francis},
doi = {10.1080/02664760802684177},

URL = { 
        https://doi.org/10.1080/02664760802684177
    
},
eprint = { 
        https://doi.org/10.1080/02664760802684177
    
}}


@article{blei2003latent,
  title={Latent dirichlet allocation},
  author={Blei, David M and Ng, Andrew Y and Jordan, Michael I},
  journal={Journal of machine Learning research},
  volume={3},
  number={Jan},
  pages={993--1022},
  year={2003}
}