@inproceedings{lazaridou2013fish,
  title={Fish transporters and miracle homes: How compositional distributional semantics can help NP parsing},
  author={Lazaridou, Angeliki and Vecchi, Eva Maria and Baroni, Marco},
  booktitle={Proc. of EMNLP},
  year={2013}
}

@article{bengio2013representation,
  title={Representation learning: A review and new perspectives},
  author={Bengio, Yoshua and Courville, Aaron and Vincent, Pascal},
  journal={IEEE transactions on pattern analysis and machine intelligence},
  volume={35},
  number={8},
  pages={1798--1828},
  year={2013},
  publisher={IEEE}
}
@article{ng2011sparse,
  title={Sparse autoencoder},
  author={Ng, Andrew},
  journal={CS294A Lecture notes},
  volume={72},
  pages={1--19},
  year={2011}
}

@ARTICLE{2016arXiv160502688short,
   author = {{Theano Development Team}},
    title = "{Theano: A {Python} framework for fast computation of mathematical expressions}",
  journal = {arXiv e-prints},
   volume = {abs/1605.02688},
 primaryClass = "cs.SC",
 keywords = {Computer Science - Symbolic Computation, Computer Science - Learning, Computer Science - Mathematical Software},
     year = 2016,
    month = may,
      url = {http://arxiv.org/abs/1605.02688},
}


@inproceedings{glove,
  title={Glove: Global Vectors for Word Representation.},
  author={Pennington, Jeffrey and Socher, Richard and Manning, Christopher D},
  booktitle={EMNLP},
  volume={14},
  pages={1532--43},
  year={2014}
}

@article{makhzani2013k,
  title={k-Sparse Autoencoders},
  author={Makhzani, Alireza and Frey, Brendan},
  journal={ICLR},
  year={2014}
}

@article{faruqui2014retrofitting,
  title={Retrofitting word vectors to semantic lexicons},
  author={Faruqui, Manaal and Dodge, Jesse and Jauhar, Sujay K and Dyer, Chris and Hovy, Eduard and Smith, Noah A},
  journal={arXiv preprint arXiv:1411.4166},
  year={2014}
}
@article{fyshe2015compositional,
  title={A compositional and interpretable semantic space},
  author={Fyshe, Alona and Wehbe, Leila and Talukdar, Partha P and Murphy, Brian and Mitchell, Tom M},
  journal={Proceedings of the NAACL-HLT, Denver, USA},
  year={2015}
}
@inproceedings{fyshe2014interpretable,
  title={Interpretable semantic vectors from a joint model of brain-and text-based meaning},
  author={Fyshe, Alona and Talukdar, Partha P and Murphy, Brian and Mitchell, Tom M},
  booktitle={Proceedings of the conference. Association for Computational Linguistics. Meeting},
  volume={2014},
  pages={489},
  year={2014},
  organization={NIH Public Access}
}
@article{yogatamasupplementary,
  title={Supplementary Materials: Learning Word Representations with Hierarchical Sparse Coding},
  author={Yogatama, Dani and Faruqui, Manaal and Dyer, Chris and Smith, Noah A}
}
@inproceedings{murphy2012learning,
  title={Learning Effective and Interpretable Semantic Models using Non-Negative Sparse Embedding.},
  author={Murphy, Brian and Talukdar, Partha Pratim and Mitchell, Tom M},
  booktitle={COLING},
  pages={1933--1950},
  year={2012}
}
@article{lee1999learning,
  title={Learning the parts of objects by non-negative matrix factorization},
  author={Lee, Daniel D and Seung, H Sebastian},
  journal={Nature},
  volume={401},
  number={6755},
  pages={788--791},
  year={1999},
  publisher={Nature Publishing Group}
}

@inproceedings{danish2016discovering,
  title={Discovering Response-Eliciting Factors in Social Question Answering: A Reddit Inspired Study},
  author={Danish, Danish and Dahiya, Yogesh and Talukdar, Partha},
  booktitle={Tenth International AAAI Conference on Web and Social Media},
  year={2016}
}

@article{li2015visualizing,
  title={Visualizing and understanding neural models in NLP},
  author={Li, Jiwei and Chen, Xinlei and Hovy, Eduard and Jurafsky, Dan},
  journal={arXiv preprint arXiv:1506.01066},
  year={2015}
}
@inproceedings{jauhar2015ontologically,
  title={Ontologically grounded multi-sense representation learning for semantic vector space models},
  author={Jauhar, Sujay Kumar and Dyer, Chris and Hovy, Eduard},
  booktitle={Proc. NAACL},
  volume={1},
  year={2015}
}

@inproceedings{halawi2012large,
  title={Large-scale learning of word relatedness with constraints},
  author={Halawi, Guy and Dror, Gideon and Gabrilovich, Evgeniy and Koren, Yehuda},
  booktitle={Proceedings of the 18th ACM SIGKDD international conference on Knowledge discovery and data mining},
  pages={1406--1414},
  year={2012},
  organization={ACM}
}

@inproceedings{finkelstein2001placing,
  title={Placing search in context: The concept revisited},
  author={Finkelstein, Lev and Gabrilovich, Evgeniy and Matias, Yossi and Rivlin, Ehud and Solan, Zach and Wolfman, Gadi and Ruppin, Eytan},
  booktitle={Proceedings of the 10th international conference on World Wide Web},
  pages={406--414},
  year={2001},
  organization={ACM}
}

@inproceedings{mikolov2013distributed,
  title={Distributed representations of words and phrases and their compositionality},
  author={Mikolov, Tomas and Sutskever, Ilya and Chen, Kai and Corrado, Greg S and Dean, Jeff},
  booktitle={Advances in neural information processing systems},
  pages={3111--3119},
  year={2013}
}
@article{yogatama2014linguistic,
  title={Linguistic structured sparsity in text categorization},
  author={Yogatama, Dani and Smith, Noah A},
  year={2014}
}
@inproceedings{glorot2011domain,
  title={Domain adaptation for large-scale sentiment classification: A deep learning approach},
  author={Glorot, Xavier and Bordes, Antoine and Bengio, Yoshua},
  booktitle={Proceedings of the 28th International Conference on Machine Learning (ICML-11)},
  pages={513--520},
  year={2011}
}
@article{friedman2008sparse,
  title={Sparse inverse covariance estimation with the graphical lasso},
  author={Friedman, Jerome and Hastie, Trevor and Tibshirani, Robert},
  journal={Biostatistics},
  volume={9},
  number={3},
  pages={432--441},
  year={2008},
  publisher={Biometrika Trust}
}
@inproceedings{bansal2014tailoring,
  title={Tailoring Continuous Word Representations for Dependency Parsing.},
  author={Bansal, Mohit and Gimpel, Kevin and Livescu, Karen},
  booktitle={ACL (2)},
  pages={809--815},
  year={2014}
}
@inproceedings{socher2013recursive,
  title={Recursive deep models for semantic compositionality over a sentiment treebank},
  author={Socher, Richard and Perelygin, Alex and Wu, Jean Y and Chuang, Jason and Manning, Christopher D and Ng, Andrew Y and Potts, Christopher},
  booktitle={Proceedings of the conference on empirical methods in natural language processing (EMNLP)},
  volume={1631},
  pages={1642},
  year={2013},
  organization={Citeseer}
}
@inproceedings{guo2014revisiting,
  title={Revisiting Embedding Features for Simple Semi-supervised Learning.},
  author={Guo, Jiang and Che, Wanxiang and Wang, Haifeng and Liu, Ting},
  booktitle={EMNLP},
  pages={110--120},
  year={2014}
}
@incollection{rumelhart1986,
 author = {Rumelhart, D. E. and Hinton, G. E. and Williams, R. J.},
 chapter = {Learning Internal Representations by Error Propagation},
 title = {Parallel Distributed Processing: Explorations in the Microstructure of Cognition, Vol. 1},
 editor = {Rumelhart, David E. and McClelland, James L. and PDP Research Group, CORPORATE},
 year = {1986},
 isbn = {0-262-68053-X},
 pages = {318--362},
 numpages = {45},
 url = {http://dl.acm.org/citation.cfm?id=104279.104293},
 acmid = {104293},
 publisher = {MIT Press},
 address = {Cambridge, MA, USA},
}

@inproceedings{makhzani2015winner,
  title={Winner-take-all autoencoders},
  author={Makhzani, Alireza and Frey, Brendan J},
  booktitle={Advances in Neural Information Processing Systems},
  pages={2791--2799},
  year={2015}
}

@article{nayak2016evaluating,
  title={Evaluating Word Embeddings Using a Representative Suite of Practical Tasks},
  author={Nayak, Neha and Angeli, Gabor and Manning, Christopher D},
  journal={ACL 2016},
  pages={19},
  year={2016}
}


@article{theano,
  author = {{Theano Development Team}},
  title = "{Theano: A {Python} framework for fast computation of mathematical expressions}",
  journal = {arXiv e-prints},
  volume = {abs/1605.02688},
  primaryClass = "cs.SC",
  keywords = {Computer Science - Symbolic Computation, Computer Science - Learning, Computer Science - Mathematical Software},
  year = 2016,
  month = may,
  url = {http://arxiv.org/abs/1605.02688},
}
@inproceedings{goldhahn2012building,
  title={Building Large Monolingual Dictionaries at the Leipzig Corpora Collection: From 100 to 200 Languages.},
  author={Goldhahn, Dirk and Eckart, Thomas and Quasthoff, Uwe},
  booktitle={LREC},
  pages={759--765},
  year={2012}
}
@inproceedings{chang2009reading,
  title={Reading tea leaves: How humans interpret topic models.},
  author={Chang, Jonathan and Boyd-Graber, Jordan L and Gerrish, Sean and Wang, Chong and Blei, David M},
  booktitle={Nips},
  volume={31},
  pages={1--9},
  year={2009}
}

@article{lee2007efficient,
  title={Efficient sparse coding algorithms},
  author={Lee, Honglak and Battle, Alexis and Raina, Rajat and Ng, Andrew Y},
  journal={Advances in neural information processing systems},
  volume={19},
  pages={801},
  year={2007},
  publisher={MIT; 1998}
}


@inproceedings{tjong2003introduction,
  title={Introduction to the CoNLL-2003 shared task: Language-independent named entity recognition},
  author={Tjong Kim Sang, Erik F and De Meulder, Fien},
  booktitle={Proceedings of the seventh conference on Natural language learning at HLT-NAACL 2003-Volume 4},
  pages={142--147},
  year={2003},
  organization={Association for Computational Linguistics}
}


@article{li2006learning,
  title={Learning question classifiers: the role of semantic information},
  author={Li, Xin and Roth, Dan},
  journal={Natural Language Engineering},
  volume={12},
  number={03},
  pages={229--249},
  year={2006},
  publisher={Cambridge Univ Press}
}

@inproceedings{tjong2000introduction,
  title={Introduction to the CoNLL-2000 shared task: Chunking},
  author={Tjong Kim Sang, Erik F and Buchholz, Sabine},
  booktitle={Proceedings of the 2nd workshop on Learning language in logic and the 4th conference on Computational natural language learning-Volume 7},
  pages={127--132},
  year={2000},
  organization={Association for Computational Linguistics}
}
@article{garrard2001prototypicality,
  title={Prototypicality, distinctiveness, and intercorrelation: Analyses of the semantic attributes of living and nonliving concepts},
  author={Garrard, Peter and Lambon Ralph, Matthew A and Hodges, John R and Patterson, Karalyn},
  journal={Cognitive neuropsychology},
  volume={18},
  number={2},
  pages={125--174},
  year={2001},
  publisher={Taylor \& Francis}
}
@article{mcrae2005semantic,
  title={Semantic feature production norms for a large set of living and nonliving things},
  author={McRae, Ken and Cree, George S and Seidenberg, Mark S and McNorgan, Chris},
  journal={Behavior research methods},
  volume={37},
  number={4},
  pages={547--559},
  year={2005},
  publisher={Springer}
}
@article{vinson2008semantic,
  title={Semantic feature production norms for a large set of objects and events},
  author={Vinson, David P and Vigliocco, Gabriella},
  journal={Behavior Research Methods},
  volume={40},
  number={1},
  pages={183--190},
  year={2008},
  publisher={Springer}
}

@inproceedings{mikolov2013linguistic,
  title={Linguistic Regularities in Continuous Space Word Representations.},
  author={Mikolov, Tomas and Yih, Wen-tau and Zweig, Geoffrey},
  booktitle={Hlt-naacl},
  volume={13},
  pages={746--751},
  year={2013}
}


  @InProceedings{faruqui2015sparse,
    author    = {Faruqui, Manaal and Tsvetkov, Yulia and Yogatama, Dani and Dyer, Chris and Smith, Noah A.},
    title     = {Sparse Overcomplete Word Vector Representations},
    booktitle = {Proc. of ACL},
    year      = {2015},
  }
  
  @InProceedings{faruqui:2015:non-dist,
    author    = {Faruqui, Manaal and Dyer, Chris},
    title     = {Non-distributional Word Vector Representations},
    booktitle = {Proc. of ACL},
    year      = {2015},
  }

@article{StrobeltGHPR16,
  author    = {Hendrik Strobelt and
               Sebastian Gehrmann and
               Bernd Huber and
               Hanspeter Pfister and
               Alexander M. Rush},
  title     = {Visual Analysis of Hidden State Dynamics in Recurrent Neural Networks},
  journal   = {CoRR},
  volume    = {abs/1606.07461},
  year      = {2016},
  url       = {http://arxiv.org/abs/1606.07461},
  timestamp = {Fri, 01 Jul 2016 17:39:49 +0200},
  biburl    = {http://dblp.uni-trier.de/rec/bib/journals/corr/StrobeltGHPR16},
  bibsource = {dblp computer science bibliography, http://dblp.org}
}
@article{wehbe2014simultaneously,
  title={Simultaneously uncovering the patterns of brain regions involved in different story reading subprocesses},
  author={Wehbe, Leila and Murphy, Brian and Talukdar, Partha and Fyshe, Alona and Ramdas, Aaditya and Mitchell, Tom},
  journal={PloS one},
  volume={9},
  number={11},
  pages={e112575},
  year={2014},
  publisher={Public Library of Science}
}
@inproceedings{shu2013sparse,
  title={Sparse autoencoders for word decoding from magnetoencephalography},
  author={Shu, Michelle and Fyshe, Alona},
  booktitle={Proceedings of the third NIPS Workshop on Machine Learning and Interpretation in NeuroImaging (MLINI)},
  year={2013}
}
@article{lipton2016mythos,
  title={The mythos of model interpretability},
  author={Lipton, Zachary C},
  journal={arXiv preprint arXiv:1606.03490},
  year={2016}
}

@inproceedings{lau2014machine,
  title={Machine Reading Tea Leaves: Automatically Evaluating Topic Coherence and Topic Model Quality.},
  author={Lau, Jey Han and Newman, David and Baldwin, Timothy},
  booktitle={EACL},
  pages={530--539},
  year={2014}
}
