%%%%%%%%%%%%%%%%%%%%%%%%%%%%%%%%%%%%%%%%%%%%%%%%%%%%%%%%%%%%%%%
%   My Papers
%%%%%%%%%%%%%%%%%%%%%%%%%%%%%%%%%%%%%%%%%%%%%%%%%%%%%%%%%%%%%%%


@inproceedings{pruthi2018spine,
  title={SPINE: SParse Interpretable Neural Embeddings},
  author={Pruthi, Danish and Subramanian, Anant and Jhamtani, Harsh and Berg-Kirkpatrick, Taylor and Hovy, Eduard},
  booktitle={Thirty-Second AAAI Conference on Artificial Intelligence},
  year={2018}
}


@inproceedings{pruthi2019combating,
    author={Pruthi, Danish and Dhingra, Bhuwan and Lipton, Zachary C},
    title={Combating Adversarial Misspellings with Robust Word Recognition},
    booktitle={Association for Computational Linguistics (ACL)},
    year={2019}
}


@inproceedings{pruthi19learning,
    title = {Learning to Deceive with Attention-Based Explanations},
    author = {Danish Pruthi and Mansi Gupta and Bhuwan Dhingra and Graham Neubig and Zachary C. Lipton},
    booktitle = {Annual Conference of the Association for Computational Linguistics (ACL)},
    month = {July},
    url = {https://arxiv.org/abs/1909.07913},
    year = {2020}
}


@misc{davis2013cu,
    author = {{Matt Davis}},
    title = {Psycholinguistic evidence on scrambled letters in reading
},
    howpublished = {\url{https://www.mrc-cbu.cam.ac.uk/people/matt.davis/cmabridge/}},
    year={2003}
}

@phdthesis{rawlinson1976significance,
  title={The significance of letter position in word recognition},
  author={Rawlinson, Graham Ernest},
  year={1976},
  school={University of Nottingham}
}


@article{garrard2001prototypicality,
  title={Prototypicality, distinctiveness, and intercorrelation: Analyses of the semantic attributes of living and nonliving concepts},
  author={Garrard, Peter and Lambon Ralph, Matthew A and Hodges, John R and Patterson, Karalyn},
  journal={Cognitive neuropsychology},
  volume={18},
  number={2},
  pages={125--174},
  year={2001},
  publisher={Taylor \& Francis}
}

@article{mcrae2005semantic,
  title={Semantic feature production norms for a large set of living and nonliving things},
  author={McRae, Ken and Cree, George S and Seidenberg, Mark S and McNorgan, Chris},
  journal={Behavior research methods},
  volume={37},
  number={4},
  pages={547--559},
  year={2005},
  publisher={Springer}
}


@article{raney2014using,
  title={Using eye movements to evaluate the cognitive processes involved in text comprehension},
  author={Raney, Gary E and Campbell, Spencer J and Bovee, Joanna C},
  journal={JoVE (Journal of Visualized Experiments)},
  number={83},
  pages={e50780},
  year={2014}
}

%%%%%%%%%%%%%%%%%%%%%%%%%%%%%%%%%%%%%%%%%%%%%%%%%%%%%%%%%%%%%%%
%   Refs from EMNLP submission
%%%%%%%%%%%%%%%%%%%%%%%%%%%%%%%%%%%%%%%%%%%%%%%%%%%%%%%%%%%%%%%


@inproceedings{zaidan2008modeling,
  title={Modeling annotators: A generative approach to learning from annotator rationales},
  author={Zaidan, Omar and Eisner, Jason},
  booktitle={Proceedings of the conference on Empirical methods in natural language processing},
  pages={31--40},
  year={2008}
}

@inproceedings{zaidan2007using,
  title={Using “annotator rationales” to improve machine learning for text categorization},
  author={Zaidan, Omar and Eisner, Jason and Piatko, Christine},
  booktitle={Human language technologies 2007: The conference of the North American chapter of the association for computational linguistics; proceedings of the main conference},
  pages={260--267},
  year={2007}
}

@inproceedings{poulis2017learning,
  title={Learning with feature feedback: from theory to practice},
  author={Poulis, Stefanos and Dasgupta, Sanjoy},
  booktitle={Artificial Intelligence and Statistics},
  pages={1104--1113},
  year={2017}
}

@article{lei2016rationalizing,
  title={Rationalizing neural predictions},
  author={Lei, Tao and Barzilay, Regina and Jaakkola, Tommi},
  journal={Proceedings of the conference on Empirical methods in natural language processing},
  year={2016}
}

@article{jain2020learning,
  title={Learning to Faithfully Rationalize by Construction},
  author={Jain, Sarthak and Wiegreffe, Sarah and Pinter, Yuval and Wallace, Byron C},
  journal={arXiv preprint arXiv:2005.00115},
  year={2020}
}

@article{deyoung2019eraser,
  title={ERASER: A Benchmark to Evaluate Rationalized NLP Models},
  author={DeYoung, Jay and Jain, Sarthak and Rajani, Nazneen Fatema and Lehman, Eric and Xiong, Caiming and Socher, Richard and Wallace, Byron C},
  journal={arXiv preprint arXiv:1911.03429},
  year={2019}
}

@article{paranjape2020information,
  title={An Information Bottleneck Approach for Controlling Conciseness in Rationale Extraction},
  author={Paranjape, Bhargavi and Joshi, Mandar and Thickstun, John and Hajishirzi, Hannaneh and Zettlemoyer, Luke},
  journal={arXiv preprint arXiv:2005.00652},
  year={2020}
}

@article{lipton2018mythos,
  title={The mythos of model interpretability},
  author={Lipton, Zachary C},
  journal={Queue},
  volume={16},
  number={3},
  pages={31--57},
  year={2018},
  publisher={ACM New York, NY, USA}
}

@article{kaushik2019learning,
  title={Learning the Difference that Makes a Difference with Counterfactually-Augmented Data},
  author={Kaushik, Divyansh and Hovy, Eduard and Lipton, Zachary C},
  journal={arXiv preprint arXiv:1909.12434},
  year={2019}
}

@article{williams1992simple,
  title={Simple statistical gradient-following algorithms for connectionist reinforcement learning},
  author={Williams, Ronald J},
  journal={Machine learning},
  volume={8},
  number={3-4},
  pages={229--256},
  year={1992},
  publisher={Springer}
}

@article{lehman2019inferring,
  title={Inferring which medical treatments work from reports of clinical trials},
  author={Lehman, Eric and DeYoung, Jay and Barzilay, Regina and Wallace, Byron C},
  journal={arXiv preprint arXiv:1904.01606},
  year={2019}
}

@article{bastings2019interpretable,
  title={Interpretable neural predictions with differentiable binary variables},
  author={Bastings, Joost and Aziz, Wilker and Titov, Ivan},
  journal={arXiv preprint arXiv:1905.08160},
  year={2019}
}

@inproceedings{haghighi2006prototype,
  title={Prototype-driven learning for sequence models},
  author={Haghighi, Aria and Klein, Dan},
  booktitle={Proceedings of the main conference on Human Language Technology Conference of the North American Chapter of the Association of Computational Linguistics},
  pages={320--327},
  year={2006},
  organization={Association for Computational Linguistics}
}

@inproceedings{druck2008learning,
  title={Learning from labeled features using generalized expectation criteria},
  author={Druck, Gregory and Mann, Gideon and McCallum, Andrew},
  booktitle={Proceedings of the 31st annual international ACM SIGIR conference on Research and development in information retrieval},
  pages={595--602},
  year={2008}
}

@article{devlin2018bert,
  title={Bert: Pre-training of deep bidirectional transformers for language understanding},
  author={Devlin, Jacob and Chang, Ming-Wei and Lee, Kenton and Toutanova, Kristina},
  journal={arXiv preprint arXiv:1810.04805},
  year={2018}
}

@article{lafferty2001conditional,
  title={Conditional random fields: Probabilistic models for segmenting and labeling sequence data},
  author={Lafferty, John and McCallum, Andrew and Pereira, Fernando CN},
  journal={18th International Conference on Machine Learning 2001 (ICML 2001)},
  year={2001}
}

@article{zhong2019fine,
  title={Fine-grained sentiment analysis with faithful attention},
  author={Zhong, Ruiqi and Shao, Steven and McKeown, Kathleen},
  journal={arXiv preprint arXiv:1908.06870},
  year={2019}
}

@InProceedings{maas-EtAl:2011:ACL-HLT2011,
  author    = {Maas, Andrew L.  and  Daly, Raymond E.  and  Pham, Peter T.  and  Huang, Dan  and  Ng, Andrew Y.  and  Potts, Christopher},
  title     = {Learning Word Vectors for Sentiment Analysis},
  booktitle = {Proceedings of the 49th Annual Meeting of the Association for Computational Linguistics: Human Language Technologies},
  month     = {June},
  year      = {2011},
  address   = {Portland, Oregon, USA},
  publisher = {Association for Computational Linguistics},
  pages     = {142--150},
  url       = {http://www.aclweb.org/anthology/P11-1015}
}

@inproceedings{pang2002thumbs,
  title={Thumbs up?: sentiment classification using machine learning techniques},
  author={Pang, Bo and Lee, Lillian and Vaithyanathan, Shivakumar},
  booktitle={Proceedings of the ACL-02 conference on Empirical methods in natural language processing-Volume 10},
  pages={79--86},
  year={2002},
  organization={Association for Computational Linguistics}
}

@inproceedings{caruana2015intelligible,
  title={Intelligible models for healthcare: Predicting pneumonia risk and hospital 30-day readmission},
  author={Caruana, Rich and Lou, Yin and Gehrke, Johannes and Koch, Paul and Sturm, Marc and Elhadad, Noemie},
  booktitle={Proceedings of the 21th ACM SIGKDD international conference on knowledge discovery and data mining},
  pages={1721--1730},
  year={2015}
}

@article{weld2019challenge,
  title={The challenge of crafting intelligible intelligence},
  author={Weld, Daniel S and Bansal, Gagan},
  journal={Communications of the ACM},
  volume={62},
  number={6},
  pages={70--79},
  year={2019},
  publisher={ACM New York, NY, USA}
}

@inproceedings{ribeiro2016should,
  title={" Why should i trust you?" Explaining the predictions of any classifier},
  author={Ribeiro, Marco Tulio and Singh, Sameer and Guestrin, Carlos},
  booktitle={Proceedings of the 22nd ACM SIGKDD international conference on knowledge discovery and data mining},
  pages={1135--1144},
  year={2016}
}

@inproceedings{herlocker2000explaining,
  title={Explaining collaborative filtering recommendations},
  author={Herlocker, Jonathan L and Konstan, Joseph A and Riedl, John},
  booktitle={Proceedings of the 2000 ACM conference on Computer supported cooperative work},
  pages={241--250},
  year={2000}
}

@article{dzindolet2003role,
  title={The role of trust in automation reliance},
  author={Dzindolet, Mary T and Peterson, Scott A and Pomranky, Regina A and Pierce, Linda G and Beck, Hall P},
  journal={International journal of human-computer studies},
  volume={58},
  number={6},
  pages={697--718},
  year={2003},
  publisher={Elsevier}
}

@InProceedings{EMNLP19DaSanMartino,
author = {Da San Martino, Giovanni and
Yu, Seunghak and
Barr\'{o}n-Cede\~no, Alberto and
Petrov, Rostislav and
Nakov, Preslav},
title = {Fine-Grained Analysis of Propaganda in News Articles},
booktitle = {Proceedings of the 2019 Conference on Empirical Methods in Natural Language Processing and 9th International Joint Conference on Natural Language Processing, EMNLP-IJCNLP 2019, Hong Kong, China, November 3-7, 2019},
series = {EMNLP-IJCNLP 2019},
year = {2019},
address = {Hong Kong, China},
month = {November},
}

@article{simonyan2013deep,
  title={Deep inside convolutional networks: Visualising image classification models and saliency maps},
  author={Simonyan, Karen and Vedaldi, Andrea and Zisserman, Andrew},
  journal={arXiv preprint arXiv:1312.6034},
  year={2013}
}
